@misc{python:numpy,
  author =    {Travis Oliphant},
  title =     {{NumPy}: A guide to {NumPy}},
  year =      {2006--},
  howpublished = {USA: Trelgol Publishing},
  url = "http://www.numpy.org/",
  note = {[Online; accessed Feb 2019]}
 }
 
 @misc{python:scipy,
  author =    {Eric Jones and Travis Oliphant and Pearu Peterson and others},
  title =     {{SciPy}: Open source scientific tools for {Python}},
  year =      {2001--},
  url = "http://www.scipy.org/",
  note = {[Online; accessed Feb 2019]}
}

 @misc{python:arch,
  author =    {Kevin Sheppard and others},
  title =     {{arch}: Open source volatility models for {Python}},
  year =      {2014--},
  url = "https://arch.readthedocs.io/en/latest/index.html",
  note = {[Online; accessed Feb 2019]}
}

 @misc{python:hmmlearn,
  author =    {hmmlearn developers},
  title =     {{hmmlearn}: Simple algorithms and models to learn HMMs for {Python}},
  year =      {2010--},
  url = "https://hmmlearn.readthedocs.io/en/0.2.0/index.html",
  note = {[Online; accessed Feb 2019]}
}

@article{meucci2010quant,
  title={Quant nugget 2: Linear vs. compounded returns--common pitfalls in portfolio management},
  author={Meucci, Attilio},
  year={2010}
}

@inproceedings{seabold2010statsmodels,
  title={Statsmodels: Econometric and statistical modeling with python},
  author={Seabold, Skipper and Perktold, Josef},
  booktitle={9th Python in Science Conference},
  year={2010},
}

@misc{solidity:openzepplin,
  author =    {OpenZeppelin developers},
  title =     {{OpenZepplin}: a battle-tested framework of reusable smart contracts for Ethereum and other EVM and eWASM blockchains.},
  year =      {2016--},
  url = "https://openzeppelin.org/",
  note = {[Online; accessed Feb 2019]}
}

@article{nakamoto2008bitcoin,
  title={Bitcoin: A peer-to-peer electronic cash system},
  author={Nakamoto, Satoshi},
  year={2008},
  publisher={Working Paper}
}

@article{wood2014ethereum,
  title={Ethereum: A secure decentralised generalised transaction ledger},
  author={Wood, Gavin},
  journal={Ethereum project yellow paper},
  volume={151},
  pages={1--32},
  year={2014}
}

@misc{back2002hashcash,
  title={Hashcash-a denial of service counter-measure},
  author={Back, Adam and others},
  year={2002}
}

@inproceedings{dwork1992pricing,
  title={Pricing via processing or combatting junk mail},
  author={Dwork, Cynthia and Naor, Moni},
  booktitle={Annual International Cryptology Conference},
  pages={139--147},
  year={1992},
  organization={Springer}
}

@article{lamport1982byzantine,
  title={The Byzantine generals problem},
  author={Lamport, Leslie and Shostak, Robert and Pease, Marshall},
  journal={ACM Transactions on Programming Languages and Systems (TOPLAS)},
  volume={4},
  number={3},
  pages={382--401},
  year={1982},
  publisher={ACM}
}

@misc{51attack,
  title = {{Coindesk} Blockchainâ€™s Once-Feared 51\% Attack Is Now Becoming Regular},
  howpublished = {\url{https://www.coindesk.com/blockchains-feared-51-attack-now-becoming-regular}},
  note = {Accessed: 2019-02-13}
}

@misc{cryptokitties,
  author =    {CryptoKitties Team},
  title =     {A collection about Awesome CryptoKitties on the Blockchain},
  year =      {2017--},
  url = "https://www.cryptokitties.co/",
  note = {[Online; accessed Feb 2019]}
}